@book{鈴木,
  author    = {鈴木良治ら},
  title     = {知っておきたい医工計測技術入門},
  publisher = {朝倉書店},
  year      = 2020
}
@book{水谷,
  author    = {水谷義弘},
  title     = {最新非破壊検査の基本と仕組み},
  publisher = {秀和システム},
  year      = 2010
}
@webpage{村上,
  title   = {空間フィルタ処理},
  url     = {http://makotomurakami.com/blog/2020/07/15/6189/},
  urldate = {2024-11-7}
}
@webpage{GNU,
  title   = {GNU MAKE},
  url     = {https://www.gnu.org/software/make/#documentation},
  urldate = {2024-11-7}
}
@book{皆本,
  author    = {皆本晃弥},
  title     = {やさしく学べるC言語入門―基礎から数値計算入門まで 第2版},
  publisher = {サイエンス社},
  year      = 2015
}
@book{菅沼,
  author    = {菅沼拓夫ら},
  title     = {未来へつなぐデジタルシリーズ3　情報ネットワーク},
  publisher = {共立出版},
  year      = 2016
}
